<record><leader>00000cas a2200000 a 4500</leader><controlfield tag="001">12401522</controlfield><controlfield tag="008">850820d18831885ksuwr ne      0    0eng d</controlfield><datafield ind1=" " ind2=" " tag="010"><subfield code="a">sn 85029552 </subfield></datafield><datafield ind1=" " ind2=" " tag="040"><subfield code="a">KSH</subfield><subfield code="b">eng</subfield><subfield code="c">KSH</subfield><subfield code="d">NPT</subfield><subfield code="d">OCL</subfield><subfield code="d">OCLCQ</subfield></datafield><datafield ind1=" " ind2=" " tag="042"><subfield code="a">msc</subfield></datafield><datafield ind1="0" ind2=" " tag="130"><subfield code="a">Weekly record (Belleville, Kan.)</subfield></datafield><datafield ind1="1" ind2="4" tag="245"><subfield code="a">The weekly record.</subfield></datafield><datafield ind1=" " ind2=" " tag="260"><subfield code="a">Belleville, Kan. :</subfield><subfield code="b">J.M. McAfee,</subfield><subfield code="c">1883-1885.</subfield></datafield><datafield ind1=" " ind2=" " tag="300"><subfield code="a">2 v. ;</subfield><subfield code="c">50-59 cm.</subfield></datafield><datafield ind1=" " ind2=" " tag="310"><subfield code="a">Weekly</subfield></datafield><datafield ind1="0" ind2=" " tag="362"><subfield code="a">Vol. 1, no. 1 (Oct. 5, 1883)-v. 2, no. 42 (July 31, 1885).</subfield></datafield><datafield ind1=" " ind2=" " tag="500"><subfield code="a">Published by Geo. Page, &lt;Jan. 23&gt;-July 31, 1885.</subfield></datafield><datafield ind1=" " ind2=" " tag="752"><subfield code="a">United States</subfield><subfield code="b">Kansas</subfield><subfield code="c">Republic</subfield><subfield code="d">Belleville.</subfield></datafield><datafield ind1="0" ind2="0" tag="785"><subfield code="t">Belleville democrat (Belleville, Kan. : 1885)</subfield><subfield code="w">(DLC)sn 85029636</subfield></datafield><datafield ind1="1" ind2=" " tag="029"><subfield code="a">AU@</subfield><subfield code="b">000022171787</subfield></datafield></record>